<?xml version="1.0" encoding="utf-8"?>
<record xmlns="http://www.loc.gov/MARC21/slim" xmlns:xsi="http://www.w3.org/2001/XMLSchema-instance" xsi:schemaLocation="http://www.loc.gov/MARC21/slim http://www.loc.gov/standards/marcxml/schema/MARC21slim.xsd">
	<leader>     nam a22        4500</leader>
	<controlfield tag="001">001676550</controlfield>
	<controlfield tag="003">NNU</controlfield>
	<controlfield tag="006">m        d        </controlfield>
	<controlfield tag="007">cr cn |||m|||a</controlfield>
	<controlfield tag="008">150505s1963    iq      ob    000 0cara  </controlfield>
	<datafield ind1=" " ind2=" " tag="040">
		<subfield code="a">NNU</subfield>
		<subfield code="b">eng</subfield>
		<subfield code="e">rda</subfield>
		<subfield code="c">NNU</subfield>
	</datafield>
	<datafield ind1="0" ind2="0" tag="050">
		<subfield code="a">PJ7617</subfield>
		<subfield code="b">.A4 1963</subfield>
	</datafield>
	<datafield ind1="1" ind2=" " tag="100">
		<subfield code="6">880-01</subfield>
		<subfield code="a">Āl Yāsīn, Muḥammad Ḥasan.</subfield>
	</datafield>
	<datafield ind1="1" ind2="0" tag="245">
		<subfield code="6">880-02</subfield>
		<subfield code="a">Nafāʼis al-makhṭūṭāt /</subfield>
		<subfield code="c">bi-Taḥqīq Muḥammad Ḥasan Āl Yāsīn.</subfield>
	</datafield>
	<datafield ind1=" " ind2=" " tag="250">
		<subfield code="6">880-03</subfield>
		<subfield code="a">[al-Ṭabʻah 2].</subfield>
	</datafield>
	<datafield ind1=" " ind2=" " tag="260">
		<subfield code="6">880-04</subfield>
		<subfield code="a">Baghdād :</subfield>
		<subfield code="b">Maktabat al-Nahḍah,</subfield>
		<subfield code="c">[1963]</subfield>
	</datafield>
	<datafield ind1=" " ind2=" " tag="300">
		<subfield code="a">online resource (108 pages)</subfield>
	</datafield>
	<datafield ind1=" " ind2=" " tag="336">
		<subfield code="a">text</subfield>
		<subfield code="2">rdacontent</subfield>
	</datafield>
	<datafield ind1=" " ind2=" " tag="337">
		<subfield code="a">computer</subfield>
		<subfield code="2">rdamedia</subfield>
	</datafield>
	<datafield ind1=" " ind2=" " tag="338">
		<subfield code="a">online resource</subfield>
		<subfield code="2">rdacarrier</subfield>
	</datafield>
	<datafield ind1=" " ind2=" " tag="500">
		<subfield code="a">Part of the Arabic Collections Online (ACO) project, contributed by New York Univeristy Libraries.</subfield>
	</datafield>
	<datafield ind1=" " ind2=" " tag="504">
		<subfield code="a">Includes bibliographical references.</subfield>
	</datafield>
	<datafield ind1="0" ind2=" " tag="505">
		<subfield code="6">880-05</subfield>
		<subfield code="a">al-Ibānah ʻan madhhab ahl al-ʻadl, lil-Ṣāḥib ʻAbbād--ʻUnwān al-maʻārif wa-dhikr al-khalāʼif, lil-Ṣāḥib ibn ʻAbbād-- Īmān Abī Ṭālib, lil-Mufīd Muḥammad ibn Muḥammad--al-Aḍdād fī al-lughah, li-Ibn al-Dahhān.</subfield>
	</datafield>
	<datafield ind1=" " ind2=" " tag="533">
		<subfield code="a">Electronic reproduction.</subfield>
		<subfield code="b">New York, N.Y. :</subfield>
		<subfield code="c">New York University,</subfield>
		<subfield code="d">2015.</subfield>
		<subfield code="5">NNU</subfield>
	</datafield>
	<datafield ind1="1" ind2=" " tag="700">
		<subfield code="6">880-06</subfield>
		<subfield code="a">Ṣāḥib al-Ṭālqānī, Abū al-Qāsim Ismāʻīl ibn ʻAbbād,</subfield>
		<subfield code="d">936-995.</subfield>
		<subfield code="t">Ibānah ʻan madhhab ahl al-ʻadl.</subfield>
	</datafield>
	<datafield ind1="1" ind2=" " tag="700">
		<subfield code="6">880-07</subfield>
		<subfield code="a">Ṣāḥib al-Ṭālqānī, Abū al-Qāsim Ismāʻīl ibn ʻAbbād,</subfield>
		<subfield code="d">936-995.</subfield>
		<subfield code="t">ʻUnwān al-maʻārif wa-dhikr al-khalāʼif.</subfield>
	</datafield>
	<datafield ind1="1" ind2=" " tag="700">
		<subfield code="6">880-08</subfield>
		<subfield code="a">Mufīd, Muḥammad ibn Muḥammad,</subfield>
		<subfield code="d">-1022.</subfield>
		<subfield code="t">Īmān Abī Ṭālib.</subfield>
	</datafield>
	<datafield ind1="1" ind2=" " tag="700">
		<subfield code="6">880-09</subfield>
		<subfield code="a">Ibn al-Dahhān, Saʻīd ibn al-Mubārak,</subfield>
		<subfield code="d">1101-1174</subfield>
		<subfield code="t">Aḍdād fī al-lughah.</subfield>
	</datafield>
	<datafield ind1="2" ind2=" " tag="710">
		<subfield code="a">New York University.</subfield>
		<subfield code="b">Libraries.</subfield>
	</datafield>
	<datafield ind1="0" ind2=" " tag="730">
		<subfield code="a">Arabic Collections Online.</subfield>
	</datafield>
	<datafield ind1="0" ind2="8" tag="776">
		<subfield code="i">Print version:</subfield>
		<subfield code="a">Āl Yāsīn, Muḥammad Ḥasan.</subfield>
		<subfield code="t">Nafāʼis al-makhṭūṭāt</subfield>
		<subfield code="w">(NNU)001676550</subfield>
		<subfield code="w">(DLC)ne 67000178</subfield>
	</datafield>
	<datafield ind1="4" ind2="0" tag="856">
		<subfield code="u">http://hdl.handle.net/2333.1/pk0p2q9g</subfield>
	</datafield>
	<datafield ind1="1" ind2=" " tag="880">
		<subfield code="6">100-01/</subfield>
		<subfield code="a">آل ياسين، محمد حسن.</subfield>
	</datafield>
	<datafield ind1="1" ind2="0" tag="880">
		<subfield code="6">245-02/</subfield>
		<subfield code="a">نفائس المخطوطات /</subfield>
		<subfield code="c">بتحقيق محمد حسن آل ياسين.</subfield>
	</datafield>
	<datafield ind1=" " ind2=" " tag="880">
		<subfield code="6">250-03/</subfield>
		<subfield code="a">[الطبعة 2].</subfield>
	</datafield>
	<datafield ind1=" " ind2=" " tag="880">
		<subfield code="6">260-04/</subfield>
		<subfield code="a">بغداد :</subfield>
		<subfield code="b">مكتبة النهضة،</subfield>
		<subfield code="c">[1963]</subfield>
	</datafield>
	<datafield ind1="0" ind2="0" tag="880">
		<subfield code="6">505-05/</subfield>
		<subfield code="t">الابانة عن مذهب اهل العدل /</subfield>
		<subfield code="r">للصاحب عباد --</subfield>
		<subfield code="t">عنوان المعارف وذكر الخلائف /</subfield>
		<subfield code="r">للصاحب بن عباد --</subfield>
		<subfield code="t">ايمان ابي طالب /</subfield>
		<subfield code="r">للمفيد محمد بن محمد --</subfield>
		<subfield code="t">الاضداد في اللغة /</subfield>
		<subfield code="r">لاابن الدهان.</subfield>
	</datafield>
	<datafield ind1="1" ind2=" " tag="880">
		<subfield code="6">700-06/</subfield>
		<subfield code="a">صاحب الطالقاني، ابو القاسم اسماعيل بن عباد،,</subfield>
		<subfield code="d">936-995.</subfield>
		<subfield code="t">ابانة عن مذهب اهل العدل.</subfield>
	</datafield>
	<datafield ind1="1" ind2=" " tag="880">
		<subfield code="6">700-07/</subfield>
		<subfield code="a">صاحب الطالقاني، ابو القاسم اسماعيل بن عباد،,</subfield>
		<subfield code="d">936-995.</subfield>
		<subfield code="t">عنوان المعارف وذكر الخلائف.</subfield>
	</datafield>
	<datafield ind1="1" ind2=" " tag="880">
		<subfield code="6">700-08/</subfield>
		<subfield code="a">مفيد، محمد بن محمد،,</subfield>
		<subfield code="d">-1022.</subfield>
		<subfield code="t">ايمان ابي طالب.</subfield>
	</datafield>
	<datafield ind1="1" ind2=" " tag="880">
		<subfield code="6">700-09/</subfield>
		<subfield code="a">ابن الدهان، سعيد بن المبارك،,</subfield>
		<subfield code="d">1101-1174.</subfield>
		<subfield code="t">اضداد في اللغة.</subfield>
	</datafield>
	<datafield ind1=" " ind2=" " tag="959">
		<subfield code="a">NNU</subfield>
		<subfield code="b">WEB</subfield>
		<subfield code="c">GENI</subfield>
		<subfield code="t">0</subfield>
		<subfield code="m">Electronic access</subfield>
		<subfield code="s">01</subfield>
	</datafield>
	<datafield ind1=" " ind2=" " tag="999">
		<subfield code="i">NNU_001676550</subfield>
		<subfield code="s">nyu_aco000309</subfield>
	</datafield>
</record>
